<record xmlns="http://www.loc.gov/MARC21/slim" xmlns:xsi="http://www.w3.org/2001/XMLSchema-instance" xsi:schemaLocation="http://www.loc.gov/MARC21/slim http://www.loc.gov/standards/marcxml/schema/MARC21slim.xsd"><leader>01552nam a2200337   4500</leader><controlfield tag="001">001685477</controlfield><controlfield tag="003">NNU</controlfield><controlfield tag="006">m        d        </controlfield><controlfield tag="007">cr cn |||m|||a</controlfield><controlfield tag="008">150110s1955    le      ob    000 0bara d</controlfield><datafield ind1=" " ind2=" " tag="040"><subfield code="a">NNU</subfield><subfield code="b">eng</subfield><subfield code="c">NNU</subfield></datafield><datafield ind1=" " ind2=" " tag="066"><subfield code="c">(3</subfield><subfield code="c">(4</subfield></datafield><datafield ind1=" " ind2=" " tag="090"><subfield code="a">PJ7525.A7</subfield><subfield code="b">J8</subfield></datafield><datafield ind1="1" ind2=" " tag="100"><subfield code="6">880-01</subfield><subfield code="a">J&#363;mard, &#699;Abd al-Jabb&#257;r</subfield></datafield><datafield ind1="1" ind2="3" tag="245"><subfield code="6">880-02</subfield><subfield code="a">al-A&#7779;ma&#699;&#299;</subfield><subfield code="h">[electronic resource] :</subfield><subfield code="b">&#7717;ay&#257;tuhu wa-&#257;th&#257;ruh, 123 H-217 H /</subfield><subfield code="c">&#699;Abd al-Jabb&#257;r al-J&#363;mard.</subfield></datafield><datafield ind1=" " ind2=" " tag="260"><subfield code="6">880-03</subfield><subfield code="a">[Beirut :</subfield><subfield code="b">D&#257;r al-Kashsh&#257;f,</subfield><subfield code="c">1955]</subfield></datafield><datafield ind1=" " ind2=" " tag="300"><subfield code="a">online resource (352 p.)</subfield></datafield><datafield ind1=" " ind2=" " tag="500"><subfield code="a">Part of the Arabic Collections Online (ACO) project, contributed by New York Univeristy Libraries.</subfield></datafield><datafield ind1=" " ind2=" " tag="504"><subfield code="a">Includes bibliographical references (p. 334-340)</subfield></datafield><datafield ind1=" " ind2=" " tag="533"><subfield code="a">Electronic reproduction.</subfield><subfield code="b">New York, N.Y. :</subfield><subfield code="c">New York University,</subfield><subfield code="d">2015.</subfield><subfield code="5">NNU</subfield></datafield><datafield ind1="1" ind2="0" tag="600"><subfield code="6">880-04</subfield><subfield code="a">A&#7779;ma&#699;&#299;, &#699;Abd al-Malik ibn Qurayb,</subfield><subfield code="d">740-ca. 828</subfield></datafield><datafield ind1="2" ind2=" " tag="710"><subfield code="a">New York University.</subfield><subfield code="b">Libraries.</subfield></datafield><datafield ind1="0" ind2=" " tag="730"><subfield code="a">Arabic Collections Online.</subfield></datafield><datafield ind1="0" ind2="8" tag="776"><subfield code="i">Print version:</subfield><subfield code="a">J&#363;mard, &#699;Abd al-Jabb&#257;r 880-01</subfield><subfield code="t">al-A&#7779;ma&#699;&#299;</subfield><subfield code="w">(NNU)001685477</subfield></datafield><datafield ind1="4" ind2="0" tag="856"><subfield code="u">http://hdl.handle.net/2333.1/1jwstsb9</subfield></datafield><datafield ind1="1" ind2=" " tag="880"><subfield code="6">100-01/</subfield><subfield code="a">&#1580;&#1608;&#1605;&#1585;&#1583;&#1548; &#1593;&#1576;&#1583; &#1575;&#1604;&#1580;&#1576;&#1575;&#1585;.</subfield></datafield><datafield ind1="1" ind2="2" tag="880"><subfield code="6">245-02/</subfield><subfield code="a">&#1575;&#1604;&#1571;&#1589;&#1605;&#1593;&#1610; :</subfield><subfield code="b">&#1581;&#1610;&#1575;&#1578;&#1607; &#1608;&#1570;&#1579;&#1575;&#1585;&#1607;&#1548; &#1633;&#1634;&#1635; &#1607;-&#1633;&#1634;&#1639; &#1607; /</subfield><subfield code="c">&#1593;&#1576;&#1583; &#1575;&#1604;&#1580;&#1576;&#1575;&#1585; &#1575;&#1604;&#1580;&#1608;&#1605;&#1585;&#1583;.</subfield></datafield><datafield ind1=" " ind2=" " tag="880"><subfield code="6">260-03/</subfield><subfield code="a">[&#1576;&#1610;&#1585;&#1608;&#1578; :</subfield><subfield code="b">&#1583;&#1575;&#1585; &#1575;&#1604;&#1603;&#1588;&#1575;&#1601;&#1548;</subfield><subfield code="c">1955]</subfield></datafield><datafield ind1="1" ind2="0" tag="880"><subfield code="6">600-04/</subfield><subfield code="a">&#1571;&#1589;&#1605;&#1593;&#1610;&#1548; &#1593;&#1576;&#1583; &#1575;&#1604;&#1605;&#1604;&#1603; &#1576;&#1606; &#1602;&#1585;&#1610;&#1576;.</subfield></datafield><datafield ind1=" " ind2=" " tag="959"><subfield code="a">NNU</subfield><subfield code="b">WEB</subfield><subfield code="c">GENI</subfield><subfield code="t">0</subfield><subfield code="m">Electronic access</subfield><subfield code="s">01</subfield></datafield><datafield ind1=" " ind2=" " tag="999"><subfield code="i">NNU_001685477</subfield><subfield code="o" /></datafield></record>